@article{pattern_mining_classification,
  author    = {Bj{\"{o}}rn Bringmann and
    Siegfried Nijssen and
      Albrecht Zimmermann},
  title     = {Pattern-Based Classification: {A} Unifying Perspective},
  journal   = {CoRR},
  volume    = {abs/1111.6191},
  year      = {2011},
  url       = {http://arxiv.org/abs/1111.6191},
}
@book{pattern_mining_book,
  editor    = {Charu C. Aggarwal and
    Jiawei Han},
  title     = {Frequent Pattern Mining},
  booktitle = {Frequent Pattern Mining},
  publisher = {Springer},
  year      = {2014},
  isbn      = {978-3-319-07820-5},
}
@article{tias_declarative_pattern_mining,
  author    = {Tias Guns and
    Siegfried Nijssen and
      Luc De Raedt},
  title     = {Itemset mining: {A} constraint programming perspective},
  journal   = {Artif. Intell.},
  volume    = {175},
  number    = {12-13},
  pages     = {1951--1983},
  year      = {2011},
}
@inproceedings{ilp_graph_mining,
  author = {Paramonov, Sergey and van Leeuwen, Matthijs and Denecker, Marc and {De Raedt}, Luc},
  title = {An exercise in declarative modeling for relational query mining},
  booktitle = {International Conference on Inductive Logic Programming, Inductive Logic Programming, Kyoto, 20-22 August 2015},
  publisher = {Springer},
  month = Dec,
  year = {2015},
}

@inproceedings{cp_sequence_mining,
  author    = {Benjamin N{\'{e}}grevergne and
    Tias Guns},
  title     = {Constraint-Based Sequence Mining Using Constraint Programming},
  booktitle = {Integration of {AI} and {OR} Techniques in Constraint Programming
    - 12th International Conference, {CPAIOR} 2015, Barcelona, Spain,
    May 18-22, 2015, Proceedings},
  pages     = {288--305},
  year      = {2015},
  crossref  = {DBLP:conf/cpaior/2015},
}
